@article{BaeW14,
  author    = {Juhee Bae and Benjamin Watson},
  title     = {Reinforcing Visual Grouping Cues to Communicate Complex Informational Structure},
  journal   = {{IEEE} Trans. Vis. Comput. Graph.},
  volume    = {20},
  number    = {12},
  pages     = {1973--1982},
  year      = {2014},
}

@article{BaeW11,
  added-at = {2011-11-07T00:00:00.000+0100},
  author = {Bae, Juhee and Watson, Benjamin},
  journal = {IEEE Trans. Vis. Comput. Graph.},
  number = 12,
  pages = {2268-2275},
  title = {Developing and Evaluating Quilts for the Depiction of Large Layered Graphs.},
  volume = 17,
  year = 2011
}


@article{DFBW10,
  author = {Bezerianos, Anastasia and Dragicevic, Pierre and Fekete, Jean-Daniel and Bae, Juhee and Watson, Benjamin},
  journal = {IEEE Trans. Vis. Comput. Graph.},
  keywords = {dblp},
  number = 6,
  pages = {1073-1081},
  title = {GeneaQuilts: A System for Exploring Large Genealogies.},
  volume = 16,
  year = 2010
}


@article{Albrecht-Buehler:2005,
 author = {Albrecht-Buehler, Conrad and Watson, Benjamin and Shamma, David A.},
 title = {Visualizing Live Text Streams Using Motion and Temporal Pooling},
 journal = {IEEE Comput. Graph. Appl.},
 issue_date = {May 2005},
 volume = {25},
 number = {3},
 month = may,
 year = {2005},
 issn = {0272-1716},
 pages = {52--59},
 numpages = {8},
 publisher = {IEEE Computer Society Press},
 address = {Los Alamitos, CA, USA},
 keywords = {data streams, information retrieval, information visualization, information visualization, data streams, text layout, information retrieval, newswires, motion, perception, motion, newswires, perception, text layout},
} 


@inproceedings{Setlur:2011,
 author = {Setlur, Vidya and Rossoff, Samuel and Gooch, Bruce},
 title = {Wish I Hadn't Clicked That: Context Based Icons for Mobile Web Navigation and Directed Search Tasks},
 booktitle = {Proceedings of the 16th International Conference on Intelligent User Interfaces},
 series = {IUI '11},
 year = {2011},
 location = {Palo Alto, CA, USA},
 pages = {165--174},
 numpages = {10},
 publisher = {ACM},
 address = {New York, NY, USA},
 keywords = {directed search, hyperlinks, icons, mobile device, web},
} 



 
@inproceedings{Battestini:2010,
 author = {Battestini, Agathe and Setlur, Vidya and Sohn, Timothy},
 title = {A Large Scale Study of Text-messaging Use},
 booktitle = {Mobile HCI},
 year = {2010},
 location = {Lisbon, Portugal},
 pages = {229--238},
 numpages = {10},
 publisher = {ACM},
 address = {New York, NY, USA},
 keywords = {large-scale study, mobile device, short message service, sms, text messaging, texting},
} 

@inproceedings{Setlur2007,
author = {Setlur, Vidya and Neinhaus, Marc and Lechner, Tom and Gooch, Bruce},
title = {Retargeting Images for Preserving Image Saliency},
booktitle = {IEEE Computer Graphics and Applications},
year =  {2007},
}

@article{Setlur:SVM:2005,
 author = {Vidya Setlur and Conrad Albrecht-Buehler and Amy Gooch and  Sam Rossoff and Bruce Gooch},
 title = {Semanticons: Visual Metaphors as File Icons},
 journal = {Computer Graphics Forum},
 volume = {},
 number = {},
 year = {2005},
 }