@inproceedings{Sohn:2008,
 author = {Sohn, Timothy and Li, Kevin A. and Griswold, William G. and Hollan, James D.},
 title = {A Diary Study of Mobile Information Needs},
 booktitle = {Proceedings of the SIGCHI Conference on Human Factors in Computing Systems},
 series = {CHI '08},
 year = {2008},
 isbn = {978-1-60558-011-1},
 location = {Florence, Italy},
 pages = {433--442},
 numpages = {10},
 url = {http://doi.acm.org/10.1145/1357054.1357125},
 doi = {10.1145/1357054.1357125},
 acmid = {1357125},
 publisher = {ACM},
 address = {New York, NY, USA},
 keywords = {diary study, mobile devices, user requirements},
} 


@article{MobileQueries,
	author={G. Sterling},
	year={2014},
	title={Matt Cutts: Google mobile queries may surpass PC search this year},
	journal={Search Engine Land}
	posted-at={2014-03-18 10:06:00},
	url={http://searchengineland.com/matt-cutts-mobile-queries-may-surpass-pc-year-186816},
	url-date={2015-02-03}
	}

@article{MobileRevenue,
	year={2014},
	title={Mobile search will surpass desktop in 2015},
	journal={eMarketer}
	posted-at={2014-12-05},
	url={http://www.emarketer.com/Article/Mobile-Search-Will-Surpass-Desktop-2015/1011657},
	url-date={2015-02-03}
	}

@article{RefWorks:658,
	author={L. Chittaro},
	year={2006},
	title={Visualizing information on mobile devices},
	journal={Computer},
	volume={39},
	number={3},
	pages={40-45}
	}

@inproceedings{RefWorks:908,
	author={Bernd Karstens},
	year={2003},
	title={Visualization of complex structures on mobile handhelds},
	booktitle={In Proceedings of International Workshop on Mobile Computing},
	pages={17-18}
}

@inproceedings{RefWorks:906,
	author={J. Hao and K. Zhang},
	year={2007},
	title={A mobile interface for hierarchical information visualization and navigation},
	booktitle={Consumer Electronics, 2007. ISCE 2007. IEEE International Symposium on},
	publisher={IEEE},
	pages={1-7}
}

@inproceedings{RefWorks:896,
	author={Avin Pattath and David S. Ebert and Richard A. May and Timothy F. Collins and William Pike},
	editor={Reiner Creutzburg and Jarmo H. Takala},
	year={2008},
	title={Real-time scalable visual analysis on mobile devices},
	publisher={SPIE},
	location={San Jose, CA, USA},
	volume={6821},
	chapter={1},
	pages={682102},
	url={http://link.aip.org/link/?PSI/6821/682102/1}
}



@article{freeman,
    author = {L. Freeman and S. Borgatti and D. White},
    journal = {Social Networks},
    number = {2},
    pages = {141--154},
    posted-at = {2009-02-24 19:25:46},
    title = {Centrality in valued graphs: A measure of betweenness based on network flow},
    url = {http://dx.doi.org/10.1016/0378-8733(91)90017-N},
    volume = {13},
    year = {1991}
}

@inproceedings{1143118,
 author = {Melanie Kellar and Carolyn Watters and Michael Shepherd},
 title = {The impact of task on the usage of web browser navigation mechanisms},
 booktitle = {GI '06: Proceedings of Graphics Interface 2006},
 year = {2006},
 isbn = {1-56881-308-2},
 pages = {235--242},
 location = {Quebec, Canada},
 publisher = {Canadian Information Processing Society},
 address = {Toronto, Ont., Canada, Canada},
 }
 
@article{imdb,
 title= {Internet Movie Database (IMDb)},
 note={\url{http://www.imdb.com}},
}

@article{allmusic,
title = {AllMusic},
note = {\url{http://www.allmusic.com/}},
}

@article{allrecipes,
title = {Allrecipes},
note = {\url{http://http://allrecipes.com/}},
}

@article{pandora,
 title= {Pandora},
 note={\url{http://www.pandora.com}},
}

@article{linkedin,
 title= {LinkedIn},
 note={\url{http://www.linkedin.com}},
}

@article{seattleband,
 title= {{T}he {S}eattle {B}and {M}ap},
 note={\url{http://www.seattlebandmap.com}},
}

@article{zetabyte,
 title= {},
 note={\url{http://www.cisco.com/en/US/solutions/collateral/ns341/ns525/ns537/ns705/ns827/VNI_Hyperconnectivity_WP.html}},
}

@inproceedings{Cui:2008,
 author = {Cui, Yanqing and Roto, Virpi},
 title = {How people use the web on mobile devices},
 booktitle = {Proceedings of the 17th international conference on World Wide Web},
 series = {WWW '08},
 year = {2008},
 isbn = {978-1-60558-085-2},
 location = {Beijing, China},
 pages = {905--914},
 numpages = {10},
 url = {http://doi.acm.org/10.1145/1367497.1367619},
 doi = {10.1145/1367497.1367619},
 acmid = {1367619},
 publisher = {ACM},
 address = {New York, NY, USA},
 keywords = {activity taxonomy, content object handling, information seeking, mobile web, personal space extension},
} 

@inproceedings{Church:2011,
 author = {Church, Karen and Oliver, Nuria},
 title = {Understanding mobile web and mobile search use in today's dynamic mobile landscape},
 booktitle = {Proceedings of the 13th International Conference on Human Computer Interaction with Mobile Devices and Services},
 series = {MobileHCI '11},
 year = {2011},
 isbn = {978-1-4503-0541-9},
 location = {Stockholm, Sweden},
 pages = {67--76},
 numpages = {10},
 url = {http://doi.acm.org/10.1145/2037373.2037385},
 doi = {10.1145/2037373.2037385},
 acmid = {2037385},
 publisher = {ACM},
 address = {New York, NY, USA},
 keywords = {context, design implications, diary study, mobile internet, mobile search, mobile web, user behavior},
} 

@article{Herman:2000,
 author = {Herman, Ivan and Melan\c{c}on, Guy and Marshall, M. Scott},
 title = {Graph Visualization and Navigation in Information Visualization: A Survey},
 journal = {IEEE Transactions on Visualization and Computer Graphics},
 issue_date = {January 2000},
 volume = {6},
 number = {1},
 month = Jan,
 year = {2000},
 issn = {1077-2626},
 pages = {24--43},
 numpages = {20},
 url = {http://dx.doi.org/10.1109/2945.841119},
 doi = {10.1109/2945.841119},
 acmid = {614447},
 publisher = {IEEE Educational Activities Department},
 address = {Piscataway, NJ, USA},
 keywords = {Information visualization, graph visualization, graph drawing, navigation, focus+context, fish-eye, clustering.},
} 


@article{springerlink:10.1007/978-3-642-18469-7-14,
  author = {Da Lozzo, Giordano and Di Battista, Giuseppe and Ingrassia, Francesco},
  affiliation = {Dipartimento di Informatica e Automazione, Universita Roma Tre, Italy},
  title = {Drawing Graphs on a Smartphone},
  booktitle = {Graph Drawing},
  series = {Lecture Notes in Computer Science},
  editor = {Brandes, Ulrik and Cornelsen, Sabine},
  publisher = {Springer Berlin / Heidelberg},
  isbn = {978-3-642-18468-0},
  keyword = {Computer Science},
  pages = {153-164},
  volume = {6502},
  url = {http://dx.doi.org/10.1007/978-3-642-18469-7-14},
  note = {10.1007/978-3-642-18469-7-14},
  year = {2011}
}


@article{IDC1,
title={Android rises, Symbian and Windows Phone 7 launch as worldwide smartphone shipments increase 87.2\% year over year. February 7, 2011},
note={\url{http://www.idc.com/about/viewpressrelease.jsp?containerId=prUS22689111}},
year={2012},
}

@article{IDC2,
title={PC Market Records Modest Gains During Fourth Quarter of 2010. January 12, 2011},
note={\url{http://www.idc.com/about/viewpressrelease.jsp?containerId=prUS22653511}},
year={ 2012},
}


@inproceedings{Lee:2012,
 author = {Lee, Uichin and Kang,Hyanghong  and Yi,Eunhee  and Yi,Mun  and Kantola,Jussi },
 title = {Understanding mobile Q\&A usage: an exploratory study},
 booktitle = {SIGCHI '12: ACM SIGCHI Conference on Human Factors in Computing Systems},
 year = {2012},
 pages = {3215--3224},
 }

@article{RefWorks:562,
	author={Wertheimer, M.},
	year={1923},
	title={Laws of organization in perceptual forms},
	journal={Psychologische Forschung},
	volume={4},
	pages={301-350},
	abstract={Republished in Ellis, W.D. (ed.). 1999. A Source Book of Gestalt Psychology, Routledge and Kegan Paul, 71-88.},
	url={http://psychclassics.yorku.ca/Wertheimer/Forms/forms.htm}
}
@article{chi2008,
	author={Sohn, T. and Li, K. A. and Griswold, W. G. and Hollan, J. D.},
	year={2008},
	title={A Diary Study of Mobile Information Needs},
	journal={In Proceedings of CHI'08, ACM},
	volume={},
	pages={433-442},	
}

@inproceedings{Church:2011,
 author = {Church, Karen and Oliver, Nuria},
 title = {Understanding Mobile Web and Mobile Search Use in Today's Dynamic Mobile Landscape},
 booktitle = {Proceedings of the 13th International Conference on Human Computer Interaction with Mobile Devices and Services},
 series = {MobileHCI '11},
 year = {2011},
 isbn = {978-1-4503-0541-9},
 location = {Stockholm, Sweden},
 pages = {67--76},
 numpages = {10},
 url = {http://doi.acm.org/10.1145/2037373.2037385},
 doi = {10.1145/2037373.2037385},
 acmid = {2037385},
 publisher = {ACM},
 address = {New York, NY, USA},
 keywords = {context, design implications, diary study, mobile internet, mobile search, mobile web, user behavior},
}


 @inproceedings{1143118,
 author = {Melanie Kellar and Carolyn Watters and Michael Shepherd},
 title = {The impact of task on the usage of web browser navigation mechanisms},
 booktitle = {GI '06: Proceedings of Graphics Interface 2006},
 year = {2006},
 isbn = {1-56881-308-2},
 pages = {235--242},
 location = {Quebec, Canada},
 publisher = {Canadian Information Processing Society},
 address = {Toronto, Ont., Canada, Canada},
 }
 
 
 @inproceedings{206540,
 author = {Lara D. Catledge and James E. Pitkow},
 title = {Characterizing browsing strategies in the World-Wide Web},
 booktitle = {Proceedings of the Third International World-Wide Web conference on Technology, tools and applications},
 year = {1995},
 pages = {1065--1073},
 publisher = {Elsevier North-Holland, Inc.},
 address = {New York, NY, USA},
 }
 
@inproceedings{Amini:2012,
 author = {Amini, Shahriyar and Brush, A.J. and Krumm, John and Teevan, Jaime and Karlson, Amy},
 title = {Trajectory-aware Mobile Search},
 booktitle = {Proceedings of the SIGCHI Conference on Human Factors in Computing Systems},
 series = {CHI '12},
 year = {2012},
 isbn = {978-1-4503-1015-4},
 location = {Austin, Texas, USA},
 pages = {2561--2564},
 numpages = {4},
 url = {http://doi.acm.org/10.1145/2207676.2208644},
 doi = {10.1145/2207676.2208644},
 acmid = {2208644},
 publisher = {ACM},
 address = {New York, NY, USA},
 keywords = {location prediction, mobile local search, mobile systems},
} 


@inproceedings{Lymberopoulos:2011,
 author = {Lymberopoulos, Dimitrios and Zhao, Peixiang and Konig, Christian and Berberich, Klaus and Liu, Jie},
 title = {Location-aware Click Prediction in Mobile Local Search},
 booktitle = {Proceedings of the 20th ACM International Conference on Information and Knowledge Management},
 series = {CIKM '11},
 year = {2011},
 isbn = {978-1-4503-0717-8},
 location = {Glasgow, Scotland, UK},
 pages = {413--422},
 numpages = {10},
 url = {http://doi.acm.org/10.1145/2063576.2063640},
 doi = {10.1145/2063576.2063640},
 acmid = {2063640},
 publisher = {ACM},
 address = {New York, NY, USA},
 keywords = {feature extraction, mobile local search, search log analysis},
} 


@inproceedings{Balasubramanian:2012,
 author = {Balasubramanian, Aruna and Balasubramanian, Niranjan and Huston, Samuel J. and Metzler, Donald and Wetherall, David J.},
 title = {FindAll: A Local Search Engine for Mobile Phones},
 booktitle = {Proceedings of the 8th International Conference on Emerging Networking Experiments and Technologies},
 series = {CoNEXT '12},
 year = {2012},
 isbn = {978-1-4503-1775-7},
 location = {Nice, France},
 pages = {277--288},
 numpages = {12},
 url = {http://doi.acm.org/10.1145/2413176.2413209},
 doi = {10.1145/2413176.2413209},
 acmid = {2413209},
 publisher = {ACM},
 address = {New York, NY, USA},
 keywords = {energy savings, latency, local search, measurement, refinding, user study, web search},
} 


@inproceedings{Lane:2010,
 author = {Lane, Nicholas D. and Lymberopoulos, Dimitrios and Zhao, Feng and Campbell, Andrew T.},
 title = {Hapori: Context-based Local Search for Mobile Phones Using Community Behavioral Modeling and Similarity},
 booktitle = {Proceedings of the 12th ACM International Conference on Ubiquitous Computing},
 series = {Ubicomp '10},
 year = {2010},
 isbn = {978-1-60558-843-8},
 location = {Copenhagen, Denmark},
 pages = {109--118},
 numpages = {10},
 url = {http://doi.acm.org/10.1145/1864349.1864366},
 doi = {10.1145/1864349.1864366},
 acmid = {1864366},
 publisher = {ACM},
 address = {New York, NY, USA},
 keywords = {context-ware mobile search, local search, mobile phone sensing},
} 

@misc{imdb,
  title = {{I}nternet {M}ovie {D}atabase ({IMD}b)},
  howpublished = {\url{http://www.imdb.com}},
}

@misc{linkedin,
  title = {{L}inkedin},
  howpublished = {\url{http://www.linkedin.com}},
}

@misc{pandora,
  title = {{P}andora},
  howpublished = {\url{http://www.pandora.com}},
}

@misc{facebook,
  title = {{F}acebook},
  howpublished = {\url{http://www.facebook.com}},
}

@misc{GoogleKnowledgeGraph,
title={{G}oogle Knowledge Graph},
howpublished = {\url{http://www.google.com/insidesearch/features/search/knowledge.html}},
}

@article{Hearst:2002,
 author = {Hearst, Marti and Elliott, Ame and English, Jennifer and Sinha, Rashmi and Swearingen, Kirsten and Yee, Ka-Ping},
 title = {Finding the Flow in Web Site Search},
 journal = {Commun. ACM},
 issue_date = {September 2002},
 volume = {45},
 number = {9},
 month = sep,
 year = {2002},
 issn = {0001-0782},
 pages = {42--49},
 numpages = {8},
 url = {http://doi.acm.org/10.1145/567498.567525},
 doi = {10.1145/567498.567525},
 acmid = {567525},
 publisher = {ACM},
 address = {New York, NY, USA},
} 

@inproceedings{Kamvar:2009,
 author = {Kamvar, Maryam and Kellar, Melanie and Patel, Rajan and Xu, Ya},
 title = {Computers and Iphones and Mobile Phones, Oh My!: A Logs-based Comparison of Search Users on Different Devices},
 booktitle = {Proceedings of the 18th International Conference on World Wide Web},
 series = {WWW '09},
 year = {2009},
 isbn = {978-1-60558-487-4},
 location = {Madrid, Spain},
 pages = {801--810},
 numpages = {10},
 url = {http://doi.acm.org/10.1145/1526709.1526817},
 doi = {10.1145/1526709.1526817},
 acmid = {1526817},
 publisher = {ACM},
 address = {New York, NY, USA},
 keywords = {google, iphone, mobile search, search, user behavior},
} 

@inproceedings{Church:2010,
 author = {Church, Karen and Neumann, Joachim and Cherubini, Mauro and Oliver, Nuria},
 title = {SocialSearchBrowser: A Novel Mobile Search and Information Discovery Tool},
 booktitle = {Proceedings of the 15th International Conference on Intelligent User Interfaces},
 series = {IUI '10},
 year = {2010},
 isbn = {978-1-60558-515-4},
 location = {Hong Kong, China},
 pages = {101--110},
 numpages = {10},
 url = {http://doi.acm.org/10.1145/1719970.1719985},
 doi = {10.1145/1719970.1719985},
 acmid = {1719985},
 publisher = {ACM},
 address = {New York, NY, USA},
 keywords = {context, field study, location-based services, mobile search, social networks, social search, user evaluation},
} 

@inproceedings{Shneiderman:1996,
 author = {Shneiderman, Ben},
 title = {The Eyes Have It: A Task by Data Type Taxonomy for Information Visualizations},
 booktitle = {Proceedings of the 1996 IEEE Symposium on Visual Languages},
 series = {VL '96},
 year = {1996},
 isbn = {0-8186-7508-X},
 pages = {336--},
 url = {http://dl.acm.org/citation.cfm?id=832277.834354},
 acmid = {834354},
 publisher = {IEEE Computer Society},
 address = {Washington, DC, USA},
 keywords = {visualization, information visualization, graphical user interfaces},
} 

